@online{howToMech_NRF24L01Tutorial,
	author = {Dejan Nedelkovski},
	title = {Arduino Wireless Communication â€“ NRF24L01 Tutorial},
	date = {17 February 2017},
	url = {https://howtomechatronics.com/tutorials/arduino/arduino-wireless-communication-nrf24l01-tutorial/},
	note = {Last Accessed: 04/07/2018},
	organization = {How To Mechatronics},
}
